@article{erickson_whittlesey,
    author = {Erickson, Jeff and Whittlesey, Kim},
    year = {2005},
    month = {01},
    pages = {1038-1046},
    title = {Greedy optimal homotopy and homology generators},
    doi = {10.1145/1070432.1070581}
}

@inproceeding{implementation,
    author = {Keenan Crane},
    year = {2006},
    title = {Homotopy, Homology, and Cut Graphs for UIUC CS 598 Final Project},
    url = {https://www.cs.cmu.edu/~kmcrane/Projects/LoopsOnSurfaces/}
}

@misc{class_surfaces,
   author = {Wikip√©dia},
   title = {Classification des surfaces},
   year ={2023},
   url = {http://fr.wikipedia.org/w/index.php?title=Classification_des_surfaces&oldid=207365479}
 }

@article{loops,
  author={de Verdiere, E.C. and Lazarus, F.},
  booktitle={The 43rd Annual IEEE Symposium on Foundations of Computer Science, 2002. Proceedings.}, 
  title={Optimal system of loops on an orientable surface}, 
  year={2002},
  pages={627-636},
  doi={10.1109/SFCS.2002.1181986}
}